@article{1905.02666,
Author = {Nikitas Stamatopoulos and Daniel J. Egger and Yue Sun and Christa Zoufal and Raban Iten and Ning Shen and Stefan Woerner},
Title = {Option Pricing using Quantum Computers},
Year = {2019},
Eprint = {arXiv:1905.02666},
Howpublished = {Quantum 4, 291 (2020)},
Doi = {10.22331/q-2020-07-06-291},
journal = {;}
}

@article{Grinko_2021,
	doi = {10.1038/s41534-021-00379-1},
	url = {https://doi.org/10.1038%2Fs41534-021-00379-1},
	year = 2021,
	month = {mar},
	publisher = {Springer Science and Business Media {LLC}
},
	volume = {7},
	number = {1},
	author = {Dmitry Grinko and Julien Gacon and Christa Zoufal and Stefan Woerner},
	title = {Iterative quantum amplitude estimation},
	journal = {npj Quantum Information}
}

@article{1805.00109,
Author = {Patrick Rebentrost and Brajesh Gupt and Thomas R. Bromley},
Title = {Quantum computational finance: Monte Carlo pricing of financial derivatives},
Year = {2018},
Eprint = {arXiv:1805.00109},
Howpublished = {Phys. Rev. A 98, 022321 (2018)},
Doi = {10.1103/PhysRevA.98.022321},
journal = {;}
}

@article{1504.06987,
Author = {Ashley Montanaro},
Title = {Quantum speedup of Monte Carlo methods},
Year = {2015},
Eprint = {arXiv:1504.06987},
Howpublished = {Proc. Roy. Soc. Ser. A, vol. 471 no. 2181, 20150301, 2015},
Doi = {10.1098/rspa.2015.0301},
journal = {;}
}

@misc{2010.09036,
Author = {Samuel A. Stein and Betis Baheri and Daniel Chen and Ying Mao and Qiang Guan and Ang Li and Bo Fang and Shuai Xu},
Title = {QuGAN: A Generative Adversarial Network Through Quantum States},
Year = {2020},
Eprint = {arXiv:2010.09036},
}

@misc{ Qiskit,
       author = {MD SAJID et al.},
       title = {Qiskit: An Open-source Framework for Quantum Computing},
       year = {2021},
       doi = {10.5281/zenodo.2573505}
}